<record><leader>00000cas a2200000 a 4500</leader><controlfield tag="001">36710720</controlfield><controlfield tag="008">970409d18891960oruwr ne      0    0eng c</controlfield><datafield ind1=" " ind2=" " tag="010"><subfield code="a">sn 96088345 </subfield></datafield><datafield ind1=" " ind2=" " tag="040"><subfield code="a">OCN</subfield><subfield code="b">eng</subfield><subfield code="c">OCN</subfield><subfield code="d">OCLCQ</subfield><subfield code="d">ORU</subfield><subfield code="d">OCLCF</subfield><subfield code="d">OCLCO</subfield></datafield><datafield ind1="1" ind2=" " tag="029"><subfield code="a">AU@</subfield><subfield code="b">000013196050</subfield></datafield><datafield ind1=" " ind2=" " tag="042"><subfield code="a">pcc</subfield></datafield><datafield ind1=" " ind2=" " tag="043"><subfield code="a">n-us-or</subfield></datafield><datafield ind1="0" ind2=" " tag="130"><subfield code="a">Brownsville times (Brownsville, Or.)</subfield></datafield><datafield ind1="1" ind2="4" tag="245"><subfield code="a">The Brownsville times.</subfield></datafield><datafield ind1=" " ind2=" " tag="260"><subfield code="a">Brownsville, Or. :</subfield><subfield code="b">McDonald &amp; Cavender,</subfield><subfield code="c">-1960.</subfield></datafield><datafield ind1=" " ind2=" " tag="300"><subfield code="a">v.</subfield></datafield><datafield ind1=" " ind2=" " tag="310"><subfield code="a">Weekly</subfield></datafield><datafield ind1="1" ind2=" " tag="362"><subfield code="a">Began in 1889.</subfield><subfield code="z">Cf. Turnbull, G. History of Oregon newspapers.</subfield></datafield><datafield ind1="0" ind2=" " tag="362"><subfield code="a">-v. 72, no. 43 (Mar. 10, 1960).</subfield></datafield><datafield ind1=" " ind2=" " tag="530"><subfield code="a">Also available online.</subfield></datafield><datafield ind1=" " ind2=" " tag="588"><subfield code="a">Description based on: Vol. 1, no. 44 (Apr. 18, 1890).</subfield></datafield><datafield ind1=" " ind2="0" tag="651"><subfield code="a">Brownsville (Or.)</subfield><subfield code="v">Newspapers.</subfield></datafield><datafield ind1=" " ind2="0" tag="651"><subfield code="a">Linn County (Or.)</subfield><subfield code="v">Newspapers.</subfield></datafield><datafield ind1=" " ind2="7" tag="655"><subfield code="a">Newspapers.</subfield><subfield code="2">fast</subfield><subfield code="0">(OCoLC)fst01423814</subfield></datafield><datafield ind1=" " ind2="7" tag="651"><subfield code="a">Oregon</subfield><subfield code="z">Brownsville.</subfield><subfield code="2">fast</subfield><subfield code="0">(OCoLC)fst01221357</subfield></datafield><datafield ind1=" " ind2="7" tag="651"><subfield code="a">Oregon</subfield><subfield code="z">Linn County.</subfield><subfield code="2">fast</subfield><subfield code="0">(OCoLC)fst01230371</subfield></datafield><datafield ind1=" " ind2=" " tag="752"><subfield code="a">United States</subfield><subfield code="b">Oregon</subfield><subfield code="c">Linn</subfield><subfield code="d">Brownsville.</subfield></datafield><datafield ind1="0" ind2="0" tag="785"><subfield code="t">Times (Brownsville, Or.)</subfield><subfield code="w">(DLC)sn 96088346</subfield></datafield><datafield ind1="4" ind2="1" tag="856"><subfield code="u">http://news.google.com/newspapers?nid=JavbeY_VQWIC&amp;dat=19520529&amp;b_mode=2&amp;hl=en</subfield><subfield code="z">Google News Archive</subfield></datafield></record>